@misc{tecosystems_2013,
	author={tecosystems,},
	title={Community Metrics: Comparing Ansible, Chef, Puppet and Salt},
	url={https://redmonk.com/sogrady/2013/12/06/configuration-management-2013/},
	urldate={2016-2-22},
	year={2013}
},

@misc{hospital_2015,
	author={Hospital, Pere},
	title={Migrating from Puppet / Mcollective to Ansible: Some facts},
	url={http://www.perehospital.cat/blog/migrating-from-puppet-mcollective-to-ansible-some-facts},
	urldate={2016-2-24},
	journal={Pere Hospital, Looking for Clouds},
	year={2015}
},

@misc{hasib_2015,
	author={Hasib, Rafi},
	title={Migrating from Puppet to Ansible - CredibleCode},
	url={http://crediblecode.net/z-featureditems/featured-1/migrating-from-puppet-to-ansible},
	urldate={2016-2-24},
	journal={CredibleCode},
	year={2015}
},

@misc{rowe_2014,
	author={Rowe, Dennis},
	title={Switching from Puppet to Ansible},
	url={http://www.slideshare.net/shr3kst3r/switching-from-puppet-to-ansible},
	urldate={2016-2-24},
	journal={Slideshare.net},
	year={2014}
},



@misc{palko_2015,
	author={Palko, Tim},
	title={DevOps Technologies: Fabric or Ansible},
	url={https://insights.sei.cmu.edu/devops/2015/03/devops-technologies-fabric-or-ansible.html},
	urldate={2016-2-24},
	journal={SEI Insights},
	year={2015}
},
