@article{Hardion2013,
  author = {Hardion, Vincent and Spruce, Darren Paul and Lindberg, Mirjam and Otero, Antonio Milan and Lidon-Simon, Julio and Jamroz, Jerzy Jan and Persson, Andreas},
  file = {:sne/home/shermans/Desktop/thppc013.pdf:pdf},
  isbn = {9783954501397},
  journal = {Proceedings of ICALEPCS2013},
  pages = {1114--1117},
  title = {{Configuration Management of the Control System}},
  year = {2013}
}

@article{Collard2015,
  archivePrefix = {arXiv},
  arxivId = {1509.05100},
  author = {Collard, Joseph and Gupta, Nimish and Shambaugh, Rian and Weiss, Aaron and Guha, Arjun},
  eprint = {1509.05100},
  file = {:sne/home/shermans/Desktop/1509.05100v1.pdf:pdf},
  pages = {1--13},
  title = {{On Static Verification of Puppet System Configurations}},
  url = {http://arxiv.org/abs/1509.05100},
  year = {2015}
}

@article{dotson2014security,
  title={Security hardening with Ansible},
  author={Dotson, Mark},
  journal={Linux Journal},
  volume={2014},
  number={242},
  pages={4},
  year={2014},
  publisher={Belltown Media}
}

@article{ruiz2015reconstructable,
  title={Reconstructable software appliances with kameleon},
  author={Ruiz, Cristian and Harrache, Salem and Mercier, Michael and Richard, Olivier},
  journal={ACM SIGOPS Operating Systems Review},
  volume={49},
  number={1},
  pages={80--89},
  year={2015},
  publisher={ACM}
}

@misc{dawson_hall_hecht_2014,
author={Dawson, Chris and Hall, Susan and Hecht, Lawrence},
title={Are Docker Users Migrating to Ansible and Away from Puppet and Chef? - The New Stack},
url={http://thenewstack.io/are-docker-users-migrating-to-ansible-and-away-from-puppet-and-chef/},
urldate={2016-2-21},
journal={The New Stack},
year={2014}
},

@misc{zunker_2014,
author={Zunker, Christian},
title={Migrate from Puppet to Ansible - codecentric Blog},
url={https://blog.codecentric.de/en/2014/12/migrate-puppet-ansible/},
urldate={2016-2-21},
journal={codecentric Blog},
year={2014}
}

@misc{shubin2016,
author={Shubin, James},
title={Next generation configuration mgmt},
url={https://ttboj.wordpress.com/2016/01/18/next-generation-configuration-mgmt/},
urldate={2016-2-21},
year={2016}
}
