@misc{whatispuppet,
    title = {What is Puppet},
    howpublished = {\url{https://puppetlabs.com/puppet/what-is-puppet}},
    note = {Accessed: 2016-02-17},
}
@misc{whatisansible,
    title = {What is Ansible},
    howpublished = {\url{https://www.ansible.com/provisioning}},
    note = {Accessed: 2016-02-17},
}
@misc{whatischef,
    title = {What is Chef},
    howpublished = {\url{https://www.chef.io/chef/}},
    note = {Accessed: 2016-02-17},
}

